
@misc{ 0-10Volts,
	author = "Lutron",
	title = "{0-10 Volts}",
	year = "2012",
	howpublished = {\url{http://www.lutron.com/en-us/education-training/documents/10v.pdf}},
	note = "[Online; accessed 3-May-2017]"
}

@misc{ wiki:Lighting_control_system,
	author = "Wikipedia",
	title = "{Lighting control system} --- {W}ikipedia{,} The Free Encyclopedia",
	year = "2017",
	howpublished = {\url{http://en.wikipedia.org/w/index.php?title=Lighting%20control%20system&oldid=759479461}},
	note = "[Online; accessed 18-April-2017]"
}

@misc{ daintree.net,
	author = "Daintree Networks",
	title = "{smart-lighting}",
	year = "2010",
	howpublished = {\url{http://www.daintree.net/wp-content/uploads/2014/02/smart-lighting.pdf}},
	note = "[Online; accessed 19-April-2017]"
}
@misc{ wiki:Electric_energy_consumption,
	author = "Wikipedia",
	title = "{Electric energy consumption} --- {W}ikipedia{,} The Free Encyclopedia",
	year = "2016",
	howpublished = {\url{https://simple.wikipedia.org/w/index.php?title=Power_consumption&oldid=5400261}},
	note = "[Online; accessed 02-May-2017]"
}
@misc{ kalkulackaenergie,
	author = "Kalkulačka energie",
	title = "{Jak na výpočet spotřeby elektřiny}",
	year = "2016",
	howpublished = {\url{http://kalkulackaenergie.com/jak-na-vypocet-spotreby-elektriny/}},
	note = "[Online; accessed 2-May-2017]"
}
@misc{ DALI-manual,
	author = "DALI AG ",
	title = "{DALI manual}",
	year = "2001",
	howpublished = {\url{http://www.dali-ag.org/fileadmin/user_upload/pdf/news-service/brochures/DALI_Manual_engl.pdf}},
	note = "[Online; accessed 2-May-2017]"
}
@misc{ knx-introduction,
	author = "KNX Associaton ",
	title = "{What is KNX?}",
	year = "2014",
	howpublished = {\url{https://www.knx.org/knx-en/knx/association/what-is-knx/}},
	note = "[Online; accessed 3-May-2017]"
}

@misc{ vykon,
	author = "Fyzika 007 ",
	title = "{Výkon ve složených obvodech střídavého proudu}",
	year = "2017",
	howpublished = {\url{http://www.fyzika007.cz/elektrina-a-magnetismus/stridavy-proud/cinny-vykon-stridaveho-proudu}},
	note = "[Online; accessed 22-May-2017]"
}







