@misc{ arduino,
	author = "SparkFun",
	title = "{What is an Arduino}",
	year = "2017",
	howpublished = {\url{https://learn.sparkfun.com/tutorials/what-is-an-arduino}},
	note = "[Online; accessed 06-December-2017]"
}
@Book{ internet,
	author = {Greengard, Samuel:},
	title = {The internet of things},
	publisher = {(The MIT Press Essential Knowledge   series)},
    note = {ISBN: 978-0262527736},
	year = {2015},
}
@book{ radio,
	Author = {Palmer Roger C.},
	Title = {An Introduction To RF Circuit Design For Communication Systems},
	Publisher = {Roger C. Palmer},
	Year = {2016},
    note = {ISBN: 978-0995022409}
}
@INPROCEEDINGS{8117960, 
	author={P. S. N. Reddy and R. N. Naik and A. A. Kumar and S. N. Kishor}, 
	booktitle={2017 Second International Conference on Electrical, Computer and Communication Technologies (ICECCT)}, 
	title={Wireless dust bin monitoring and alert system using Arduino}, 
	year={2017}, 
	volume={}, 
	number={}, 
	pages={1-5}, 
	keywords={Internet of Things;computerised monitoring;embedded systems;environmental science computing;smart phones;town and country planning;waste management;wireless sensor networks;Arduino;Clean India Mission;Embedded System;Internet of Things devices;SwachhBharat Abhiyan;alert system;automatic garbage collection system;urban planning;wireless dust bin monitoring;Acoustics;GSM;Gases;Monitoring;Sensors;Solids;Wireless sensor networks;Arduino;GSM;IÎ¿T;MQ-4;SBM}, 
	note={doi: 10.1109/ICECCT.2017.8117960}, 
	ISSN={}, 
	month={Feb},}
@INPROCEEDINGS{7860081, 
	author={H. Kumbhar}, 
	booktitle={2016 International Conference on Computing Communication Control and automation (ICCUBEA)}, 
	title={Wireless sensor network using Xbee on Arduino Platform: An experimental study}, 
	year={2016}, 
	volume={}, 
	number={}, 
	pages={1-5}, 
	keywords={ad hoc networks;mesh generation;wireless sensor networks;Arduino platform;WSN;Xbee module;ad-hoc networks;mesh topology;temperature sensor;wireless sensor network;Computers;Hardware;Microprogramming;Pins;Temperature sensors;Wireless sensor networks;ZigBee;Arduino;Temperature Sensor;WSN;Xbee Module}, 
	note ={doi: 10.1109/ICCUBEA.2016.7860081}, 
	ISSN={}, 
	month={Aug},}
@inproceedings{Segawa:2012:PCL:2307636.2307718,
	author = {Segawa, Norihisa and Yamaguchi, Tomoaki and Sawamoto, Jun and Yazawa, Masato and Tamaki, Haruo},
	title = {Poster: A Construction of a Long Distance Communication Sensor Network Node Using Arduino and Mad-SS Shield},
	booktitle = {Proceedings of the 10th International Conference on Mobile Systems, Applications, and Services},
	series = {MobiSys '12},
	year = {2012},
	isbn = {978-1-4503-1301-8},
	location = {Low Wood Bay, Lake District, UK},
	pages = {529--530},
	numpages = {2},
	url = {http://doi.acm.org/10.1145/2307636.2307718},
	doi = {10.1145/2307636.2307718},
	acmid = {2307718},
	publisher = {ACM},
	address = {New York, NY, USA},
	keywords = {arduino, direct sequence of spread spectrum communication (ds-ss), mad-ss},
} 
@INPROCEEDINGS{7141255, 
	author={A. Aneiba and K. Hormos}, 
	booktitle={International Conference on Frontiers of Communications, Networks and Applications (ICFCNA 2014 - Malaysia)}, 
	title={A model for Remote Controlled Mobile Robotic over Wi-Fi network using Arduino technology}, 
	year={2014}, 
	volume={}, 
	number={}, 
	pages={1-4}, 
	keywords={control engineering computing;cryptography;mobile robots;robot vision;telerobotics;wireless LAN;Arduino Uno technology;Wi-Fi network;development software;end-user device;private decryption algorithm;private encryption algorithm;remote controlled mobile robotic;Arduino;Java;Robotic;TCP;WiFi}, 
	doi={10.1049/cp.2014.1429}, 
	ISSN={}, 
	month={Nov},}











